<marc:collection xmlns:marc="http://www.loc.gov/MARC21/slim" xmlns:xsi="http://www.w3.org/2001/XMLSchema-instance" xsi:schemaLocation="http://www.loc.gov/MARC21/slim http://www.loc.gov/standards/marcxml/schema/MARC21slim.xsd">
    <marc:record type="Bibliographic">
        <marc:leader>01939cem a2200373   4500</marc:leader>
        <marc:controlfield tag="001">5404641</marc:controlfield>
        <marc:controlfield tag="005">20080423090828.0</marc:controlfield>
        <marc:controlfield tag="007">aj canzn</marc:controlfield>
        <marc:controlfield tag="008">060924s1750    ne i      a     0   dut d</marc:controlfield>
        <marc:datafield tag="024" ind1="0" ind2=" ">
            <marc:subfield code="a">HM2008-33</marc:subfield>
        </marc:datafield>
        <marc:datafield tag="034" ind1="1" ind2=" ">
            <marc:subfield code="a">a</marc:subfield>
            <marc:subfield code="b">1800000</marc:subfield>
        </marc:datafield>
        <marc:datafield tag="035" ind1=" " ind2=" ">
            <marc:subfield code="a">(OCoLC)ocm71578288</marc:subfield>
        </marc:datafield>
        <marc:datafield tag="040" ind1=" " ind2=" ">
            <marc:subfield code="a">NLGGC</marc:subfield>
            <marc:subfield code="e">fobidrtb</marc:subfield>
            <marc:subfield code="b">dut</marc:subfield>
            <marc:subfield code="c">NLGGC</marc:subfield>
            <marc:subfield code="d">NjP</marc:subfield>
        </marc:datafield>
        <marc:datafield tag="035" ind1=" " ind2=" ">
            <marc:subfield code="a">(OCoLC)71578288</marc:subfield>
        </marc:datafield>
        <marc:datafield tag="041" ind1="0" ind2=" ">
            <marc:subfield code="a">fre</marc:subfield>
            <marc:subfield code="a">dut</marc:subfield>
        </marc:datafield>
        <marc:datafield tag="043" ind1=" " ind2=" ">
            <marc:subfield code="a">a-ce---</marc:subfield>
        </marc:datafield>
        <marc:datafield tag="084" ind1=" " ind2=" ">
            <marc:subfield code="a">74.21</marc:subfield>
            <marc:subfield code="2">bcl</marc:subfield>
        </marc:datafield>
        <marc:datafield tag="100" ind1="1" ind2=" ">
            <marc:subfield code="a">Bellin, Jacques Nicolas,</marc:subfield>
            <marc:subfield code="d">1703-1772.</marc:subfield>
        </marc:datafield>
        <marc:datafield tag="245" ind1="1" ind2="0">
            <marc:subfield code="a">Carte de L'Isle de Ceylan :</marc:subfield>
            <marc:subfield code="b">pour servir à l'Histoire générale des voyages /</marc:subfield>
            <marc:subfield code="c">par N. Bellin, Ing.r ord.re de la Marine = Kaart van 't eiland Ceilon : om te dienen voor de Hist. beschr. der reizen</marc:subfield>
            <marc:subfield code="h">[map] / door N. Bellin, ingenieur des Franssen Zeevaards ; J. V. Schley direx.</marc:subfield>
        </marc:datafield>
        <marc:datafield tag="246" ind1="3" ind2=" ">
            <marc:subfield code="a">Kaart van 't eiland Ceilon</marc:subfield>
        </marc:datafield>
        <marc:datafield tag="255" ind1=" " ind2=" ">
            <marc:subfield code="a">Scale [ca. 1:1,800,000].</marc:subfield>
        </marc:datafield>
        <marc:datafield tag="260" ind1=" " ind2=" ">
            <marc:subfield code="a">[Amsterdam :</marc:subfield>
            <marc:subfield code="b">E. van Harrevelt ; D.J. Changuion],</marc:subfield>
            <marc:subfield code="c">1750.</marc:subfield>
        </marc:datafield>
        <marc:datafield tag="300" ind1=" " ind2=" ">
            <marc:subfield code="a">1 map :</marc:subfield>
            <marc:subfield code="b">hand col. ;</marc:subfield>
            <marc:subfield code="c">25 x 23 cm.</marc:subfield>
        </marc:datafield>
        <marc:datafield tag="500" ind1=" " ind2=" ">
            <marc:subfield code="a">Map of Sri Lanka; relief shown pictorially.</marc:subfield>
        </marc:datafield>
        <marc:datafield tag="580" ind1=" " ind2=" ">
            <marc:subfield code="a">From: Atlas portatif, pour servir à l'intelligence de l'histoire philosophique et politique des etablissements et du commerce des Européens dans les deux Indes.  Amsterdam : E. van Harrevelt ; D.J. Changuion, 1773.</marc:subfield>
        </marc:datafield>
        <marc:datafield tag="510" ind1="3" ind2=" ">
            <marc:subfield code="a">Koeman, Atlantes Neerlandici, dl. 2, p. 128 (Har 1 (7) 6)</marc:subfield>
        </marc:datafield>
        <marc:datafield tag="651" ind1=" " ind2="0">
            <marc:subfield code="a">Sri Lanka</marc:subfield>
            <marc:subfield code="v">Maps</marc:subfield>
            <marc:subfield code="v">Early works to 1800.</marc:subfield>
        </marc:datafield>
        <marc:datafield tag="655" ind1=" " ind2="7">
            <marc:subfield code="a">Maps</marc:subfield>
            <marc:subfield code="z">Sri Lanka</marc:subfield>
            <marc:subfield code="y">1750.</marc:subfield>
            <marc:subfield code="2">aat</marc:subfield>
        </marc:datafield>
        <marc:datafield tag="700" ind1="1" ind2=" ">
            <marc:subfield code="a">Prévost,</marc:subfield>
            <marc:subfield code="c">abbé,</marc:subfield>
            <marc:subfield code="d">1697-1763.</marc:subfield>
            <marc:subfield code="t">Histoire générale des voyages.</marc:subfield>
        </marc:datafield>
        <marc:datafield tag="700" ind1="1" ind2=" ">
            <marc:subfield code="a">Schley, Jacobus van der,</marc:subfield>
            <marc:subfield code="d">1715-1779.</marc:subfield>
        </marc:datafield>
        <marc:datafield tag="787" ind1="1" ind2="8">
            <marc:subfield code="t">Atlas portatif, pour servir à l'intelligence de l'histoire philosophique et politique des etablissements et du commerce des Européens dans les deux Indes. - Amsterdam : E. van Harrevelt ; D.J. Changuion, 1773</marc:subfield>
        </marc:datafield>
        <marc:datafield tag="856" ind1="4" ind2="1">
            <marc:subfield code="z">See the map</marc:subfield>
            <marc:subfield code="u">http://gisserver.princeton.edu/map/11495</marc:subfield>
        </marc:datafield>
        <marc:datafield tag="904" ind1=" " ind2=" ">
            <marc:subfield code="a">twm</marc:subfield>
            <marc:subfield code="b">o</marc:subfield>
            <marc:subfield code="h">m</marc:subfield>
            <marc:subfield code="c">p</marc:subfield>
            <marc:subfield code="e">20080229</marc:subfield>
        </marc:datafield>
        <marc:datafield tag="902" ind1=" " ind2=" ">
            <marc:subfield code="a">gls</marc:subfield>
            <marc:subfield code="b">m</marc:subfield>
            <marc:subfield code="6">e</marc:subfield>
            <marc:subfield code="7">m</marc:subfield>
            <marc:subfield code="d">v</marc:subfield>
            <marc:subfield code="f">1</marc:subfield>
            <marc:subfield code="e">20080331</marc:subfield>
        </marc:datafield>
    </marc:record>
    <marc:record type="Holdings">
        <marc:leader>00172cx  a22000854  4500</marc:leader>
        <marc:controlfield tag="001">5560919</marc:controlfield>
        <marc:controlfield tag="004">5404641</marc:controlfield>
        <marc:controlfield tag="005">20080331103952.0</marc:controlfield>
        <marc:controlfield tag="008">0802290p    8   1001uu   0000000</marc:controlfield>
        <marc:datafield tag="852" ind1="8" ind2=" ">
            <marc:subfield code="b">map</marc:subfield>
            <marc:subfield code="h">HMC01.6362</marc:subfield>
        </marc:datafield>
    </marc:record>
    <marc:record type="Holdings">
        <marc:leader>00182nx  a22000854  4500</marc:leader>
        <marc:controlfield tag="001">7315547</marc:controlfield>
        <marc:controlfield tag="004">5404641</marc:controlfield>
        <marc:controlfield tag="005">20130513135232.0</marc:controlfield>
        <marc:controlfield tag="008">1305134u    8   1001uu   0901128</marc:controlfield>
        <marc:datafield tag="852" ind1="8" ind2=" ">
            <marc:subfield code="b">elf1</marc:subfield>
            <marc:subfield code="h">Electronic Resource</marc:subfield>
        </marc:datafield>
    </marc:record>
</marc:collection>
